<?xml version="1.0" encoding="UTF-8"?><record xmlns="http://www.loc.gov/MARC21/slim" xmlns:cinclude="http://apache.org/cocoon/include/1.0" xmlns:zs="http://www.loc.gov/zing/srw/">
  <leader>00764nz  a2200169n  4500</leader>
  <controlfield tag="001">n  97834003 </controlfield>
  <controlfield tag="003">DLC</controlfield>
  <controlfield tag="005">19970926064434.5</controlfield>
  <controlfield tag="008">970926n| acannaab|           n and     c</controlfield>
  <datafield tag="010" ind1=" " ind2=" ">
    <subfield code="a">n  97834003 </subfield>
  </datafield>
  <datafield tag="035" ind1=" " ind2=" ">
    <subfield code="a">(NN-PD)NN 301140012</subfield>
  </datafield>
  <datafield tag="040" ind1=" " ind2=" ">
    <subfield code="a">NN-PD</subfield>
    <subfield code="c">NN-PD</subfield>
  </datafield>
  <datafield tag="130" ind1=" " ind2="0">
    <subfield code="a">Allure (Choreographic work : Nash)</subfield>
  </datafield>
  <datafield tag="667" ind1=" " ind2=" ">
    <subfield code="a">Chor &amp; mus: Matthew Nash; sound: excerpts from Diana Vreeland and Christopher Hemphill's book Allure, and prose poems by V. K. McCarty and Nash; cos: Sylvia Taalsohn.  First(?) perf: New York, Riverside Church, Jan 14, 1982.</subfield>
  </datafield>
  <datafield tag="667" ind1=" " ind2=" ">
    <subfield code="a">Data contributed by the Dance Heritage Coalition for the New York Public Library Dance Collection.</subfield>
  </datafield>
  <datafield tag="670" ind1=" " ind2=" ">
    <subfield code="a">*MGZA  Dance magazine. May 1982, p 147.</subfield>
  </datafield>
  <datafield tag="670" ind1=" " ind2=" ">
    <subfield code="a">NYPL Dict. Cat. of the Dance Coll., 1974-</subfield>
  </datafield>
</record>